<record><leader>00000cas a2200000 a 4500</leader><controlfield tag="001">11512345</controlfield><controlfield tag="008">841219d18311889nyudn ne      0    0eng c</controlfield><datafield ind1=" " ind2=" " tag="010"><subfield code="a">sn 84031981 </subfield></datafield><datafield ind1=" " ind2=" " tag="040"><subfield code="a">NYG</subfield><subfield code="b">eng</subfield><subfield code="c">NYG</subfield><subfield code="d">DLC</subfield><subfield code="d">NPX</subfield><subfield code="d">NPA</subfield><subfield code="d">NPY</subfield><subfield code="d">YOX</subfield><subfield code="d">KNP</subfield><subfield code="d">OCL</subfield><subfield code="d">NYS</subfield><subfield code="d">NVH</subfield><subfield code="d">NYS</subfield><subfield code="d">KNP</subfield><subfield code="d">MGN</subfield><subfield code="d">YOX</subfield><subfield code="d">HUL</subfield><subfield code="d">MGN</subfield><subfield code="d">NVF</subfield><subfield code="d">NVK</subfield><subfield code="d">MGN</subfield><subfield code="d">FUG</subfield><subfield code="d">OBN</subfield><subfield code="d">NVK</subfield><subfield code="d">CRL</subfield><subfield code="d">DLC</subfield><subfield code="d">NYS</subfield><subfield code="d">KRTAS</subfield><subfield code="d">DLC</subfield><subfield code="d">UKMGB</subfield><subfield code="d">OCLCQ</subfield><subfield code="d">OCLCF</subfield><subfield code="d">OCLCO</subfield></datafield><datafield ind1=" " ind2=" " tag="012"><subfield code="b">3</subfield></datafield><datafield ind1="7" ind2=" " tag="016"><subfield code="a">013914166</subfield><subfield code="2">Uk</subfield></datafield><datafield ind1=" " ind2=" " tag="019"><subfield code="a">2264956</subfield></datafield><datafield ind1="1" ind2=" " tag="029"><subfield code="a">AU@</subfield><subfield code="b">000020347928</subfield></datafield><datafield ind1=" " ind2=" " tag="042"><subfield code="a">pcc</subfield></datafield><datafield ind1=" " ind2=" " tag="043"><subfield code="a">n-us-ny</subfield></datafield><datafield ind1="0" ind2="0" tag="050"><subfield code="a">Newspaper</subfield></datafield><datafield ind1="0" ind2=" " tag="130"><subfield code="a">New-York commercial advertiser (New York, N.Y. : 1831)</subfield></datafield><datafield ind1="1" ind2="0" tag="245"><subfield code="a">New-York commercial advertiser.</subfield></datafield><datafield ind1=" " ind2=" " tag="260"><subfield code="a">New York, N.Y. :</subfield><subfield code="b">Francis Hall &amp; Co.,</subfield><subfield code="c">1831-1889.</subfield></datafield><datafield ind1=" " ind2=" " tag="300"><subfield code="a">59 v. ;</subfield><subfield code="c">66 cm.</subfield></datafield><datafield ind1=" " ind2=" " tag="310"><subfield code="a">Daily (except Sunday)</subfield></datafield><datafield ind1="0" ind2=" " tag="362"><subfield code="a">Jan. 3, 1831-Aug. 31, 1889.</subfield></datafield><datafield ind1=" " ind2=" " tag="500"><subfield code="a">Publishers: John B. Hall and Francis Hall, 1844-&lt;1853&gt;; Francis Hall &amp; Co., &lt;1855-1863&gt;; Commercial Advertiser Assn., &lt;1864-1876&gt;.</subfield></datafield><datafield ind1=" " ind2=" " tag="530"><subfield code="a">Available on microfilm from the New York Public Library.</subfield></datafield><datafield ind1=" " ind2=" " tag="580"><subfield code="a">Weekly eds.: New York spectator and weekly commercial advertiser, 1867-1876, and: Weekly commercial advertiser, 1876-1879.</subfield></datafield><datafield ind1=" " ind2=" " tag="580"><subfield code="a">Semiweekly ed.: New-York spectator (New York, N.Y. : 1804), 1831-1867.</subfield></datafield><datafield ind1=" " ind2="0" tag="651"><subfield code="a">New York (N.Y.)</subfield><subfield code="v">Newspapers.</subfield></datafield><datafield ind1=" " ind2="0" tag="651"><subfield code="a">New York County (N.Y.)</subfield><subfield code="v">Newspapers.</subfield></datafield><datafield ind1=" " ind2="7" tag="655"><subfield code="a">Newspapers.</subfield><subfield code="2">fast</subfield><subfield code="0">(OCoLC)fst01423814</subfield></datafield><datafield ind1=" " ind2="7" tag="651"><subfield code="a">New York (State)</subfield><subfield code="z">New York.</subfield><subfield code="2">fast</subfield><subfield code="0">(OCoLC)fst01204333</subfield></datafield><datafield ind1=" " ind2="7" tag="651"><subfield code="a">New York (State)</subfield><subfield code="z">New York County.</subfield><subfield code="2">fast</subfield><subfield code="0">(OCoLC)fst01234953</subfield></datafield><datafield ind1=" " ind2=" " tag="752"><subfield code="a">United States</subfield><subfield code="b">New York</subfield><subfield code="c">New York</subfield><subfield code="d">New York.</subfield></datafield><datafield ind1="1" ind2=" " tag="775"><subfield code="t">New York spectator and weekly commercial advertiser</subfield><subfield code="w">(DLC)sn 87073003</subfield><subfield code="w">(OCoLC)15285805</subfield></datafield><datafield ind1="1" ind2=" " tag="775"><subfield code="t">Weekly commercial advertiser</subfield><subfield code="w">(DLC)sn 85026724</subfield><subfield code="w">(OCoLC)12416681</subfield></datafield><datafield ind1="1" ind2=" " tag="775"><subfield code="t">New-York spectator (New York, N.Y. : 1804)</subfield><subfield code="w">(DLC)sn 83045488</subfield><subfield code="w">(OCoLC)9487613</subfield></datafield><datafield ind1="1" ind2=" " tag="776"><subfield code="c">Microfilm</subfield><subfield code="d">NYPL</subfield><subfield code="w">(OCoLC)22949381</subfield></datafield><datafield ind1="0" ind2="0" tag="780"><subfield code="t">Commercial advertiser (New York, N.Y. : 1809)</subfield><subfield code="w">(DLC)sn 83030233</subfield><subfield code="w">(OCoLC)9462236</subfield></datafield><datafield ind1="0" ind2="5" tag="780"><subfield code="t">New York times and evening star (New York, N.Y. : Daily)</subfield><subfield code="w">(DLC)sn 83030690</subfield><subfield code="w">(OCoLC)9633584</subfield></datafield><datafield ind1="0" ind2="0" tag="785"><subfield code="t">Commercial advertiser (New York, N.Y. : 1889)</subfield><subfield code="w">(DLC)sn 84024367</subfield><subfield code="w">(OCoLC)1564355</subfield></datafield><datafield ind1=" " ind2=" " tag="938"><subfield code="a">Kirtas Technologies, Inc.</subfield><subfield code="b">KRTS</subfield><subfield code="n">738933</subfield></datafield></record>